@Book{Clarke,
  author = "Э. М. Кларк and О. Грамберг and Д. Пелед",
  title = "Верификация моделей программ. Model Checking",
  publisher = {МЦНМО},
  year = 2002,
  isbn_issn = "5-94057-054-2",
  language = "russian"
}

@InProceedings{Velder,
  author = 		 {Вельдер, С. Э. and Шалыто, А. А},
  title = 		 {Введение в верификацию автоматных программ},
  organization =  {СПбГУ ИТМО},
  year = 		 {2007},
  booktitle = 	 {XXXVI научная и учебно-методическая конференция
                  профессорско-преподавательского и научного состава},
  language = "russian"
}

@InBook{Dijkstra,
  author =	"E. W. Dijkstra",
  title =	"Hierarchical Ordering of Sequential Processes",
  pages =	"72--93",
  booktitle =	"Operating Systems Techniques",
  year = 	"1972",
  publisher =	"Academic Press",
}

@book{SpinRoot,
    author = {Holzmann, Gerard J.},
    day = {04},
    howpublished = {Hardcover},
    isbn = {0321228626},
    keywords = {checking, model},
    posted-at = {2006-06-08 00:32:12},
    priority = {2},
    publisher = {{Addison-Wesley Professional}},
    title = {The SPIN Model Checker : Primer and Reference Manual},
    year = {2003}
}

@Book{CDataStructures,
  author =	"Aaron M. Tenenbaum and Yedidyah Langsam and Moshe Augenstein",
  title =	"Data structures using {C}",
  publisher =	"Pren{\-}tice-Hall",
  year = 	"1990",
  ISBN = 	"0-13-199746-7",
  LCCN = 	"QA76.73.C15 T46 1990 Bar",
  bibdate =	"Thu Apr 29 17:52:21 1999",
}

@Article{BitHash1,
  author =	"G. J. Holzmann",
  title =	"An Analysis of Bitstate Hashing",
  journal =	"Formal Methods in System Design",
  publisher =	"Kluwer",
  volume =	"13",
  number =	"3",
  year = 	"1998",
  pages =	"287--305",
  note = 	"extended and revised version of Proc. PSTV95, pp.
		 301-314",
}

@Misc{Wolper,
  title =	"Reliable Hashing without Collision Detection",
  author =	"Pierre Wolper and Denis Leroy",
  year = 	"1993",
  month =	{Januar},
  bibsource =	"OAI-PMH server at cs1.ist.psu.edu",
  language =	"en"
}

@Misc{StateCompr,
  title =	"State Compression in {SPIN}: Recursive Indexing and
		 Compression Training Runs",
  author =	"Gerard J. Holzmann",
  year = 	"1997",
  month =	{Aprtil},
  bibsource =	"OAI-PMH server at cs1.ist.psu.edu",
  language =	"en"
}


@Unpublished{POD,
  author = 		 {Gerard J. Holzmann},
  title = 		 {{T}he {V}erification of {C}oncurrent {S}ystems, unpublished manuscript},
  year = 	 {1995},
  note = {AT\&T Inc.}
}

@InProceedings{LS99,
  title =	"Distributed-Memory Model Checking with {SPIN}",
  author =	"Flavio Lerda and Riccardo Sisto",
  bibdate =	"2003-01-14",
  bibsource =	"DBLP,
		 http://dblp.uni-trier.de/db/conf/spin/spin1999.html#LerdaS99",
  booktitle =	"Theoretical and Practical Aspects of {SPIN} Model
		 Checking, 5th and 6th International {SPIN} Workshops,
		 Trento, Italy, July 5, 1999, Toulouse, France,
		 September 21 and 24 1999, Proceedings",
  publisher =	"Springer",
  year = 	"1999",
  volume =	"1680",
  editor =	"Dennis Dams and Rob Gerth and Stefan Leue and Mieke
		 Massink",
  ISBN = 	"3-540-66499-8",
  pages =	"22--39",
  series =	"Lecture Notes in Computer Science"
}

@InProceedings{DLTL1,
  author =       "J. Barnat and L. Brim and J. St\v{r}\'{\i}brn\'{a}",
  title =        "Distributed {L}{T}{L} {M}odel-{C}hecking in {S}{P}{I}{N}",
  pages =        "200--216",
  opteditor =    "Matthew B. Dwyer",
  booktitle =    "Proc. SPIN Workshop on Model Checking of Software",
  series =       "LNCS",
  volume =       "2057",
  publisher =    "Springer",
  optaddress =   "Berlin, Germany",
  year =         "2001"
}

@InProceedings{DLTL2,
  author =       "J. Barnat and L. Brim and J. Chaloupka",
  title =        "{P}arallel {B}readth-{F}irst {S}earch {LTL} {M}odel-{C}hecking",
  booktitle =    "18th IEEE International Conference on Automated Software Engineering (ASE'03)",
  pages =        "106--115",
  year =         "2003",
  month =        "Oct.",
  publisher =    "IEEE Computer Society"
}

@Misc{DiVinE,
  key = {divine},
  title = 	 {{D}istributed {V}erification {E}nvironment project
  {DiVinE}},
  note = "\url{http://divine.fi.muni.cz/}"
}

@Misc{Murmur,
  key =			 {murmur},
  author =		 {Peter Kankowski},
  title =		 {Hash functions: An empirical comparison},
  note =		 {\url{http://www.strchr.com/hash_functions}}
}

@book{MPI,
    day = {26},
    howpublished = {Paperback},
    isbn = {0262571323},
    keywords = {mpi},
    month = {November},
    posted-at = {2008-06-19 16:53:42},
    priority = {5},
    publisher = {{The MIT Press}},
    title = {Using MPI - 2nd Edition: Portable Parallel Programming with the Message Passing Interface (Scientific and Engineering Computation)},
    year = {1999}
}

@Manual{UPC12,
  author = 		 {UPC\,Consortium},
  title = 		 {UPC Language Specifications, v1.2},
  organization =  {Lawrence Berkeley National Lab},
  year = 		 2005,
  note = 	 {LBNL-59208}
}

@article{PVM,
    author = {Sunderam, Vaidy},
    journal = {Parallel Computing},
    keywords = {parallel, pvm},
    number = {1--2},
    pages = {121--135},
    posted-at = {2007-06-01 07:53:01},
    priority = {0},
    title = {Heterogeneous network computing: The next generation},
    volume = {23},
    year = {1997}
}

@Manual{DistrTerm,
  author = 		 {Wolfgang Schreiner},
  title = 		 {On Engineering a Distributed Algorithm},
  organization = {Research Institute for Symbolic Computation (RISC-Linz), Johannes Kepler University},
  year = 		 {1998}
}

@article{SPIN,
    author = {Holzmann, Gerard J.},
    journal = {IEEE Transactions on Software Engineering},
    keywords = {model-check, pcom2},
    pages = {279--295},
    posted-at = {2009-06-24 21:51:04},
    priority = {2},
    title = {The model checker SPIN},
    volume = {23},
    year = {1997}
}

@Book{Katoen,
  author =		 {J-P. Katoen},
  title = 		 {Concepts, Algorithms and Tools for Model Checking},
  publisher = 	 {Arbeitsberichte der Informatik, Friedrich-Alexander-Universit{\"a}t Erlangen-N{\"u}rnberg},
  year = 		 {1999}
}

@InProceedings{BelovedMe,
  author = 		 {И. Коротков},
  title = 		 {Параллельное построение пространства состояний конечной системы},
  booktitle =    {Новые информационные технологии в автоматизированных системах: материалы
                  тринадцатого научно-практического семинара},
  pages =		 "169--176",
  year =		 2010,
  organization = {Моск. гос. ин-т электроники и математики},
  publisher =	 {М.},
  language =     "russian"
}

@Unpublished{RipOnSpin,
  author =		 {Vsevolod Krishchenko},
  title =		 {Model Checking of RIP Count-to-Ininity Problem},
  note =		 {Москва, 2008},
  year =		 2008,
}

@INPROCEEDINGS{Havelund98formalanalysis,
  author =		 {Klaus Havelund and Mike Lowry and John Penix},
  title =		 {Formal Analysis of a Space Craft Controller using SPIN},
  booktitle =	 {In Proceedings of the 4th SPIN workshop},
  year =		 {1998}
}

@Unpublished{CamaraArincModel,
  author =		 {Pedro de la C\'{a}mara and Mar\'{i}a del Mar Gallardo and Pedro Merino},
  title =		 {Model Extraction for ARINC 653 based Avionics Software},
  note =		 {University of M\'{a}laga}
}

@INPROCEEDINGS{Pandya01modelchecking,
  author =		 {P K Pandya},
  title =		 {Model checking CTL ∗ [DC},
  booktitle =	 {Prodeedings of TACAS 2001, LNCS 2031},
  year =		 {2001},
  publisher =	 {Springer-Verlag}
}

@INPROCEEDINGS{Emerson90temporaland,
  author =		 {E A Emerson},
  title =		 {Temporal and modal logic},
  booktitle =	 {Handbook of Theoretical Computer Science},
  year =		 {1990},
  pages =		 {995--1072},
  publisher =	 {Elsevier Science Publishers}
}

@INPROCEEDINGS{Emerson97modelchecking,
  author =		 {E A Emerson},
  title =		 {Model checking and the Mu-calculus},
  booktitle =	 {In DIMACS Series in Discrete Mathematics},
  year =		 {1997},
  pages =		 {185--214}
}

@MISC{Leucker_parallelmodel,
  author =		 {Martin Leucker and Rafal Somla and Michael Weber},
  title =		 {Parallel Model Checking for LTL, CTL*, and L&sup2;&mu;},
  year =		 {2002}
}

@INPROCEEDINGS{Clarke97anotherlook,
  author =		 {E M Clarke and O Grumberg and K Hamaguchi},
  title =		 {Another look at LTL model checking},
  booktitle =	 {Formal Methods in System Design},
  year =		 {1997}
}

@INPROCEEDINGS{Bhat95efficienton-the-fly,
  author =		 {G Bhat and R Cleaveland and O Grumberg},
  title =		 {Efficient on-the-fly model checking for CTL},
  booktitle =	 {In Proc. 10th Symp. on Logic in Computer Science, LICS’95},
  year =		 {1995},
  pages =		 {388--397},
  publisher =	 {IEEE}
}

@INPROCEEDINGS{Stirling96modaland,
  author =		 {Colin Stirling},
  title =		 {Modal and temporal logics for processes},
  booktitle =	 {Banff Higher Order Workshop 1995, volume 1043 of LNCS},
  year =		 {1996},
  pages =		 {149--237},
  publisher =	 {Springer}
}

@MISC{Glazberg_psl:beyond,
  author =		 {Ziv Glazberg and Mark Moulin and Avigail Orni and Sitvanit Ruah and
                  Emmanuel Zarpas},
  title =		 {PSL: Beyond Hardware Verification},
  year =		 {}
}