@Book{Clarke,
  author = "Edmund M. Clarke and Orna Grumberg and Doron A. Peled",
  title = "Model Checking",
  publisher = "The {MIT} Press",
  year = "1999",
  address =	"Cambridge, Massachusetts",
  isbn_issn = "0262032708",
}

@Misc{Velder,
  author = 		 {Вельдер С. Э. и Шалыто А. А},
  title = 		 {Введение в верификацию автоматных программ},
  institution =  {СПбГУ ИТМО},
  year = 		 {2007},
  OPTkey = 		 {},
  OPTtype = 	 {},
  OPTnumber = 	 {},
  OPTaddress = 	 {},
  OPTmonth = 	 {},
  note = 	 {XXXVI научная и учебно-методическая конференция
                  профессорско-преподавательского и научного состава},
  OPTannote = 	 {}
}

@InBook{Dijkstra,
  author =	"E. W. Dijkstra",
  editor =	"C. A. R. Hoare and R. H. Perrot",
  title =	"Hierarchical Ordering of Sequential Processes",
  pages =	"72--93",
  booktitle =	"Operating Systems Techniques",
  year = 	"1972",
  publisher =	"Academic Press",
}

@Misc{SpinRoot,
  title = 	 {Model checker {SPIN}},
  note   = "\url{http://spinroot.com/}"
}


@Unpublished{RipOnSpin,
  author = 		 {Vsevolod Krishchenko},
  title = 		 {{M}odel {C}hecking of {RIP} {C}ount-to-{I}nfinity {P}roblem},
  year = 	 {2007}
}

@Book{CDataStructures,
  author =	"Aaron M. Tenenbaum and Yedidyah Langsam and Moshe Augenstein",
  title =	"Data structures using {C}",
  publisher =	"Pren{\-}tice-Hall",
  address =	"pub-PH:adr",
  pages =	"x + 662",
  year = 	"1990",
  ISBN = 	"0-13-199746-7",
  LCCN = 	"QA76.73.C15 T46 1990 Bar",
  bibdate =	"Thu Apr 29 17:52:21 1999",
}

@Article{BitHash1,
  author =	"G. J. Holzmann",
  title =	"An Analysis of Bitstate Hashing",
  journal =	"Formal Methods in System Design",
  publisher =	"Kluwer",
  volume =	"13",
  number =	"3",
  year = 	"1998",
  month =	nov,
  pages =	"287--305",
  note = 	"extended and revised version of Proc. PSTV95, pp.
		 301-314",
}

@Misc{Wolper,
  title =	"Reliable Hashing without Collision Detection",
  author =	"Pierre Wolper and Denis Leroy",
  year = 	"1993",
  month =	jan # "~15",
  bibsource =	"OAI-PMH server at cs1.ist.psu.edu",
  language =	"en"
}

@Misc{StateCompr,
  title =	"State Compression in {SPIN}: Recursive Indexing and
		 Compression Training Runs",
  author =	"Gerard J. Holzmann",
  year = 	"1997",
  month =	apr # "~08",

  bibsource =	"OAI-PMH server at cs1.ist.psu.edu",
  language =	"en"
}


@Unpublished{POD,
  author = 		 {Gerard J. Holzmann},
  title = 		 {{T}he {V}erification of {C}oncurrent {S}ystems, unpublished manuscript},
  year = 	 {1995}
}

@InProceedings{LS99,
  title =	"Distributed-Memory Model Checking with {SPIN}",
  author =	"Flavio Lerda and Riccardo Sisto",
  bibdate =	"2003-01-14",
  bibsource =	"DBLP,
		 http://dblp.uni-trier.de/db/conf/spin/spin1999.html#LerdaS99",
  booktitle =	"SPIN",
  booktitle =	"Theoretical and Practical Aspects of {SPIN} Model
		 Checking, 5th and 6th International {SPIN} Workshops,
		 Trento, Italy, July 5, 1999, Toulouse, France,
		 September 21 and 24 1999, Proceedings",
  publisher =	"Springer",
  year = 	"1999",
  volume =	"1680",
  editor =	"Dennis Dams and Rob Gerth and Stefan Leue and Mieke
		 Massink",
  ISBN = 	"3-540-66499-8",
  pages =	"22--39",
  series =	"Lecture Notes in Computer Science"
}

@InProceedings{DLTL1,
  author =       "J. Barnat and L. Brim and J. St\v{r}\'{\i}brn\'{a}",
  title =        "Distributed {L}{T}{L} {M}odel-{C}hecking in {S}{P}{I}{N}",
  pages =        "200--216",
  opteditor =    "Matthew B. Dwyer",
  booktitle =    "Proc. SPIN Workshop on Model Checking of Software",
  series =       "LNCS",
  volume =       "2057",
  publisher =    "Springer",
  optaddress =   "Berlin, Germany",
  year =         "2001"
}

@InProceedings{DLTL2,
  author =       "J. Barnat and L. Brim and J. Chaloupka",
  title =        "{P}arallel {B}readth-{F}irst {S}earch {LTL} {M}odel-{C}hecking",
  booktitle =    "18th IEEE International Conference on Automated Software Engineering (ASE'03)",
  pages =        "106--115",
  year =         "2003",
  month =        "Oct.",
  publisher =    "IEEE Computer Society"
}

@Misc{DiVinE,
  title = 	 {{D}istributed {V}erification {E}nvironment project
  {DiVinE}},
  note = "\url{http://divine.fi.muni.cz/}"
}
